@techreport{fielding1999,
    author = {Roy T. Fielding and James Gettys and Jeffrey C. Mogul and Henrik Frystyk Nielsen and Larry Masinter and Paul J. Leach and Tim Berners-Lee},
    title = {Hypertext Transfer Protocol -- HTTP/1.1},
    howpublished = {Internet Requests for Comments},
    type = {RFC},
    number = {2616},
    year = {1999},
    month = {06},
    issn = {2070-1721},
    institution = {IETF},
    url = {http://www.rfc-editor.org/rfc/rfc2616.txt},
    urldate = {2017-04-29}
}

@online{rosenberg2010,
    title = {Git index format},
    author = {Robin Rosenberg},
    url = {https://github.com/git/git/blob/master/Documentation/technical/index-format.txt},
    urldate = {2017-04-30},
    year = {2010}
}

@phdthesis{fielding2000,
    title = {Architectural styles and the design of network-based software architectures},
    author = {Roy T. Fielding},
    year = {2000},
    school = {University of California, Irvine},
    url = {https://www.ics.uci.edu/~fielding/pubs/dissertation/fielding_dissertation.pdf},
    urldate = {2017-04-30}
}

@inproceedings{mcdowell2003,
    author = {C. McDowell and L. Werner and H. E. Bullock and J. Fernald},
    title = {The impact of pair programming on student performance, perception and persistence},
    booktitle = {25th International Conference on Software Engineering, Proceedings},
    Series = {International Conference on Software Engineering},
    Year = {2003},
    Pages = {602-607},
    organization = {{IEEE; IEEE Comp Soc, Tech Council Software Engn; ACM; ACM SIGSOFT; IBM; NORTHROP GRUMMAN Space Technol; BMW; NOKIA; SUN Microsyst; DaimlerChrysler; Microsoft Res}},
    ISSN = {0270-5257}
}

@book{ecma404,
    author = "{ECMA}",
    title = "{ECMA-404}: The JSON Data Interchange Format",
    edition = "Première édition",
    year = {2013},
    month = {10},
    url = {http://www.ecma-international.org/publications/files/ECMA-ST/ECMA-404.pdf},
    urldate = {2017-05-01}
}

@book{cpp11,
    author = {{ISO}},
    publisher = {International Organization for Standardization},
    title = {{ISO/IEC 14882:2011 Information technology -- Programming languages -- C++}},
    year = {2012},
    month = {02},
    day = {28},
    url = {https://www.iso.org/standard/50372.html},
    urldate = {2017-04-30}
}

@book{iso8601,
    author = {{ISO}},
    publisher = {International Organisation for Standardization},
    title = {{ISO/IEC 8601:2004 Data elements and interchange formats -- Information interchange -- Representation of dates and times}},
    year = {2004},
    month = {12},
    url = {https://www.iso.org/standard/40874.html},
    urldate = {2017-05-05}
}

@online{curl-companies,
    author = {cURL},
    title = {Companies Using curl in Commercial Environments},
    url = {https://curl.haxx.se/docs/companies.html},
    urldate = {2017-04-29}
}

@online{onedrive-api,
    author = {Microsoft},
    title = {OneDrive Files API},
    url = {https://dev.onedrive.com/README.htm},
    urldate = {2017-05-03},
    year = {2015}
}

@online{dropbox-api,
    author = {Dropbox},
    title = {Dropbox for HTTP Developers},
    url = {https://www.dropbox.com/developers/documentation/http/documentation},
    urldate = {2017-05-03},
    year = {2017}
}
