@misc{sokoban,
    author    = "Mathieu Nebra",
    title     = "\textbf{Mario Sokoban}",
    note       = "\textit{https://openclassrooms.com/courses/apprenez-a-programmer-en-c/tp-mario-sokoban}"
}

@misc{gitlab,
    author    = "Universit√© Montpellier",
    title     = "\textbf{GitLab}",
    note      = "\textit{https://gitlab.info-ufr.univ-montp2.fr/users/sign\_in}"
}

@misc{SDL,
    author    = "Sam Lantinga",
    title     = "\textbf{Simple DirectMedia Layer} (\textsc{sdl} 1.2)",
    year      = "1998"
    note      = "\textit{https://www.libsdl.org/}"
}