

@ARTICLE{Algorithme,
  title = {Définition d'algorithme},
  journal = {Larousse},
  key = {1},
  year = {2017},
  volume = {},
  pages = {},
  number = {},
  abstract = {},
  doi = {},
  issn = {},
  keywords = {}
}

@ARTICLE{Hashiwokakero,
  title = {Hashiwokakero is NP-complete},
  author = {Daniel Andersson},
  journal = {Department of Computer Sciences, Aarhus University, Denmark},
  year = {2009},
  volume = {},
  pages = {},
  number = {},
  abstract = {},
  doi = {},
  issn = {},
  keywords = {}
}

@ARTICLE{Union-find,
  title = {Union-find},
  author = {François Schwarzentruber},
  journal = {École normale supérieure de Rennes},
  year = {2009},
  volume = {},
  pages = {},
  number = {},
  abstract = {},
  doi = {},
  issn = {},
  keywords = {}
}