@misc{BROU2012,
	author	= "Frédéric Brouard",
    title	= "Base de données et performances… petites tables et tables obèses !",
    month	= "juin", 
    year	= "2012",
	note	= "\href{https://blog.developpez.com/sqlpro/p10070/langage-sql-norme/base_de_donnees_et_performances_petites}{Lien}"
}

@misc{CHIU2016,
    author	= "Tai-Yin Chiu and Jie-Hong R. Jiang",
    title	= "Logic Synthesis of Recombinase-Based Genetic Circuits",
    year	= "2016",
    month	= "novembre",
    note	= "\href{http://dx.doi.org/10.1101/088930}{Lien}"
}

@article{CLUS1956,
	author	= "E. J. McCluskey, Jr.",
	title	= "Minimization of Boolean Functions",
	journal	= "The Bell System Technical Journal",
	year	= "1956",
	month	= "juin"
}

@article{GUIZ2016,
	author	= "Sarah Guiziou",
    title	= "Thesis committee report",
    year	= "2016",
    month	= "septembre"
}

@conference{IEEE2008,
    author    = "Tarun Kumar Jain and D. S. Kushwaha and A. K. Misra",
    title     = "Optimization of the Quine-McCluskey Method for the Minimization of the Boolean Expressions",
    year      = "2008",
    publisher = "Fourth International Conference on Autonomic and Autonomous Systems"
}

@misc{LECL2016,
	author	= "Michel Leclere",
    title	= "Notes de travail",
    year	= "2016"
}

@article{PSTF1952,
	author	= "W. V. Quine",
	title	= "The Problem of Simplifying Truth Functions",
	journal	= "The American Mathematical Monthly, Vol. 59, No. 8, pp. 521-531",
	year	= "1952",
	month	= "Octobre"
}